%YAML 1.1
%TAG !u! tag:unity3d.com,2011:
--- !u!1001 &100100000
Prefab:
  m_ObjectHideFlags: 1
  serializedVersion: 2
  m_Modification:
    m_TransformParent: {fileID: 0}
    m_Modifications: []
    m_RemovedComponents: []
  m_ParentPrefab: {fileID: 0}
  m_RootGameObject: {fileID: 1478349200727596}
  m_IsPrefabParent: 1
--- !u!1 &1478349200727596
GameObject:
  m_ObjectHideFlags: 0
  m_PrefabParentObject: {fileID: 0}
  m_PrefabInternal: {fileID: 100100000}
  serializedVersion: 5
  m_Component:
  - component: {fileID: 4740108473388852}
  - component: {fileID: 212244761887655518}
  - component: {fileID: 95838005577834118}
  - component: {fileID: 114869222996103554}
  - component: {fileID: 114434067505842608}
  m_Layer: 0
  m_Name: Opponent_Dude
  m_TagString: Untagged
  m_Icon: {fileID: 0}
  m_NavMeshLayer: 0
  m_StaticEditorFlags: 0
  m_IsActive: 1
--- !u!4 &4740108473388852
Transform:
  m_ObjectHideFlags: 1
  m_PrefabParentObject: {fileID: 0}
  m_PrefabInternal: {fileID: 100100000}
  m_GameObject: {fileID: 1478349200727596}
  m_LocalRotation: {x: -0, y: -0, z: -0, w: 1}
  m_LocalPosition: {x: -4.49, y: -0.76, z: 0}
  m_LocalScale: {x: 0.9, y: 0.9, z: 1}
  m_Children: []
  m_Father: {fileID: 0}
  m_RootOrder: 0
  m_LocalEulerAnglesHint: {x: 0, y: 0, z: 0}
--- !u!95 &95838005577834118
Animator:
  serializedVersion: 3
  m_ObjectHideFlags: 1
  m_PrefabParentObject: {fileID: 0}
  m_PrefabInternal: {fileID: 100100000}
  m_GameObject: {fileID: 1478349200727596}
  m_Enabled: 1
  m_Avatar: {fileID: 0}
  m_Controller: {fileID: 9100000, guid: 668164803f7db3e4b9823b0054df8cc0, type: 2}
  m_CullingMode: 0
  m_UpdateMode: 0
  m_ApplyRootMotion: 0
  m_LinearVelocityBlending: 0
  m_WarningMessage: 
  m_HasTransformHierarchy: 1
  m_AllowConstantClipSamplingOptimization: 1
--- !u!114 &114434067505842608
MonoBehaviour:
  m_ObjectHideFlags: 1
  m_PrefabParentObject: {fileID: 0}
  m_PrefabInternal: {fileID: 100100000}
  m_GameObject: {fileID: 1478349200727596}
  m_Enabled: 1
  m_EditorHideFlags: 0
  m_Script: {fileID: 11500000, guid: aab8f554cbfbf694bb70abd282eb199f, type: 3}
  m_Name: 
  m_EditorClassIdentifier: 
  replyBark_RL:
  - "Bahh, don\u2019t try to bore me with ya uuhh fancy pantsy mathsss! "
  - "Woah, that was a big word\u2026 slow down will ya! "
  - "Errrm, yee\u2026 well\u2026 @+*#\xA3 youuu\u2026 yeeeah\u2026 that\u2019s riight\u2026 "
  - 'Such long words..! Where did you learn that from? Neeerd school?! '
  - "YOUUU sound like a smart person. Just like... all those people\u2026 who are\u2026
    SMART! "
  - "You\u2019re so &\u20AC@&% booooring, have a drink and lighten up aight? "
  - "Wuh\u2026 uuhhh\u2026 come again? "
  - "My dog is smarter than you\u2026 he\u2019s cute too. Aaaaand he can do\u2026
    tricks! Can you??? "
  - "I need more beer\u2026 "
  replyBark_KL:
  - "WHAT DID YOU SCHAY?!... no really ah didn\u2019t understand... "
  - "Iss dat true? Wooah! Who would\u2019a gueessed?! "
  - "Politicianssss\u2026 Ahhh... \xA4&%#@ classic! "
  - "You could uuh totally run for president, ya know. Do- don\u2019t waste your time
    here, kiddo. "
  - "Aree youu working for the uuuhhhhh ILLUMINATI, kiddo. You look\u2026 JUST like
    their kind. "
  replyBark_RP:
  - "I hear you friendd\u2026 I totally get u nowwww. "
  - Well saiiid! Have a drink or two, or three??!
  - "You know what, kiddo? You\u2019re my best friend! THE BEST FRIEND!!! "
  - "\u2026.that\u2019s funnny! Fun fun fun\u2026 FUNNY! "
  replyBark_KP:
  - "Ssshhhh, not so loud\u2026 I SAID NOT SO LOUD!!! "
  - "Oh %)\xA4@ \xA3{\u20AC\xA3$@\u20AC... I just want sooome %+\xA3\u20AC# peace\u2026
    some quiet\u2026 "
  - "I ain\u2019t drunk yet. I\u2019m asch clear as a\u2026 clear thing\u2026 yeah,
    a clear\u2026WATER!!"
  - "@$\xA3@\u20AC \u201C&/)\xA4?% \u201C#%&@${!!! "
  - "Geeez don\u2019t &\u20AC@&% yell at me, I\u2019m just... trying to be nice, you
    know. "
  - "Oh nowww you\u2019re just being\u2026 MEAN! STOP IT! "
  playBark_RL:
  - "I am veery much smart I tell youuu! I read some uuhh @\xA3{&%# books\u2026 I
    know things. "
  - "My doctor said I shouldn\u2019t drink too much, but we'll all die sometime anyway\u2026
    CHEERS! "
  - "Actually I\u2019m a scientist, you see. I know what a uuhhh photosynethesisis
    is! "
  playBark_KL:
  - "I saw this on the internet\u2026 or somethin\u2019... either way it\u2019s tootally
    true! "
  - "Oh I killed a &#@\xA3 bear once with my bear hands!HAHAHAH GET IT? BEAR. HANDS! "
  - "y..you\u2019re one of THEM! YOU\u2019RE A- A SPY FOR THE GOVERNMENT!!! GET AWAY
    FROM MEE! "
  - "Freakyy uuh government, they do nasty things to yerr brain\u2026 y- you watch
    out aight? "
  - "I SWEAR I saw aliens last night! They had theese &\xA4@% blinkiing red and bluue
    lightss.."
  playBark_RP:
  - "That\u2019s &\xA4@% riight, am ah right people or am I right?! "
  - "You\u2019re gonna looove this story! I was..uhhh\u2026 I can\u2019t remember...
    but it\u2019s hilaaarious! "
  - "Youuu, we should hang... the two of us, get uuhh couple o\u2019 drinksss, or-
    some moreee!"
  - 'Joy is the most BEEEAUTIFUL woman ever! Do you know Joy? Yoou would LOVE heer! '
  - "Joy always smiles at me, ironic huh? Joy\u2026 She\u2019s a JOYFUL person! HAHAHAH!!"
  - "Are you gonna finish your drink\u2026? If nooot, I can uhhh help you, just hand
    it ooover! "
  - "I would give THE MOON  to Joy\u2026 but it\u2019s soooo BIG and HEAVY! Could
    youu help me pleease?"
  playBark_KP:
  - "Stand still, both of ya! I\u2019m... trying to uuhhh construct... a  &#@\xA3
    argument here! "
  - "I &#@\xA3 hate those \xA3${@\xA4& #%@ with their %+\xA3\u20AC# fancy &#@\xA3
    suits\u2026 "
  - "Kiddo- y- ya are fancy to be in a place likhe this! Like a- a &\xA4@% POLITICIAN! "
  - "Ssshh\u2026 You\u2019re just a child still, yooou uhh don\u2019t know &\xA4@%
    about the world. "
  - "I am going to %+\xA3\u20AC# bite someone if I don\u2019t get uuhh another drink...
    soon! "
  timeWaitPerCharacterInString: 0.02
  timeWaitAfterAllWriteded: 2.5
  speachBubble: {fileID: 0}
--- !u!114 &114869222996103554
MonoBehaviour:
  m_ObjectHideFlags: 1
  m_PrefabParentObject: {fileID: 0}
  m_PrefabInternal: {fileID: 100100000}
  m_GameObject: {fileID: 1478349200727596}
  m_Enabled: 1
  m_EditorHideFlags: 0
  m_Script: {fileID: 11500000, guid: 73eeb62b44ce6324494aaf5ddf2d823c, type: 3}
  m_Name: 
  m_EditorClassIdentifier: 
--- !u!212 &212244761887655518
SpriteRenderer:
  m_ObjectHideFlags: 1
  m_PrefabParentObject: {fileID: 0}
  m_PrefabInternal: {fileID: 100100000}
  m_GameObject: {fileID: 1478349200727596}
  m_Enabled: 1
  m_CastShadows: 0
  m_ReceiveShadows: 0
  m_DynamicOccludee: 1
  m_MotionVectors: 1
  m_LightProbeUsage: 1
  m_ReflectionProbeUsage: 1
  m_Materials:
  - {fileID: 10754, guid: 0000000000000000f000000000000000, type: 0}
  m_StaticBatchInfo:
    firstSubMesh: 0
    subMeshCount: 0
  m_StaticBatchRoot: {fileID: 0}
  m_ProbeAnchor: {fileID: 0}
  m_LightProbeVolumeOverride: {fileID: 0}
  m_ScaleInLightmap: 1
  m_PreserveUVs: 0
  m_IgnoreNormalsForChartDetection: 0
  m_ImportantGI: 0
  m_StitchLightmapSeams: 0
  m_SelectedEditorRenderState: 0
  m_MinimumChartSize: 4
  m_AutoUVMaxDistance: 0.5
  m_AutoUVMaxAngle: 89
  m_LightmapParameters: {fileID: 0}
  m_SortingLayerID: 0
  m_SortingLayer: 0
  m_SortingOrder: 1
  m_Sprite: {fileID: 21300000, guid: 1d7d79834e300c247923a89655a6e982, type: 3}
  m_Color: {r: 1, g: 1, b: 1, a: 1}
  m_FlipX: 0
  m_FlipY: 0
  m_DrawMode: 0
  m_Size: {x: 5, y: 9}
  m_AdaptiveModeThreshold: 0.5
  m_SpriteTileMode: 0
  m_WasSpriteAssigned: 1
  m_MaskInteraction: 0
