%YAML 1.1
%TAG !u! tag:unity3d.com,2011:
--- !u!1001 &100100000
Prefab:
  m_ObjectHideFlags: 1
  serializedVersion: 2
  m_Modification:
    m_TransformParent: {fileID: 0}
    m_Modifications: []
    m_RemovedComponents: []
  m_ParentPrefab: {fileID: 0}
  m_RootGameObject: {fileID: 1085656084342098}
  m_IsPrefabParent: 1
--- !u!1 &1085656084342098
GameObject:
  m_ObjectHideFlags: 0
  m_PrefabParentObject: {fileID: 0}
  m_PrefabInternal: {fileID: 100100000}
  serializedVersion: 5
  m_Component:
  - component: {fileID: 4064949143907976}
  - component: {fileID: 212448451830533038}
  - component: {fileID: 95467452579642654}
  - component: {fileID: 114715863789432702}
  - component: {fileID: 114088536502028890}
  m_Layer: 0
  m_Name: Opponent_Mom
  m_TagString: Untagged
  m_Icon: {fileID: 0}
  m_NavMeshLayer: 0
  m_StaticEditorFlags: 0
  m_IsActive: 1
--- !u!4 &4064949143907976
Transform:
  m_ObjectHideFlags: 1
  m_PrefabParentObject: {fileID: 0}
  m_PrefabInternal: {fileID: 100100000}
  m_GameObject: {fileID: 1085656084342098}
  m_LocalRotation: {x: -0, y: -0, z: -0, w: 1}
  m_LocalPosition: {x: -3.82, y: 0.61, z: 0}
  m_LocalScale: {x: 0.9, y: 0.9, z: 1}
  m_Children: []
  m_Father: {fileID: 0}
  m_RootOrder: 0
  m_LocalEulerAnglesHint: {x: 0, y: 0, z: 0}
--- !u!95 &95467452579642654
Animator:
  serializedVersion: 3
  m_ObjectHideFlags: 1
  m_PrefabParentObject: {fileID: 0}
  m_PrefabInternal: {fileID: 100100000}
  m_GameObject: {fileID: 1085656084342098}
  m_Enabled: 1
  m_Avatar: {fileID: 0}
  m_Controller: {fileID: 9100000, guid: 668164803f7db3e4b9823b0054df8cc0, type: 2}
  m_CullingMode: 0
  m_UpdateMode: 0
  m_ApplyRootMotion: 0
  m_LinearVelocityBlending: 0
  m_WarningMessage: 
  m_HasTransformHierarchy: 1
  m_AllowConstantClipSamplingOptimization: 1
--- !u!114 &114088536502028890
MonoBehaviour:
  m_ObjectHideFlags: 1
  m_PrefabParentObject: {fileID: 0}
  m_PrefabInternal: {fileID: 100100000}
  m_GameObject: {fileID: 1085656084342098}
  m_Enabled: 1
  m_EditorHideFlags: 0
  m_Script: {fileID: 11500000, guid: aab8f554cbfbf694bb70abd282eb199f, type: 3}
  m_Name: 
  m_EditorClassIdentifier: 
  replyBark_RL:
  - "Can you repeat that? I didn\u2019t get any of it. "
  - '...did you just call me fat?! '
  - "I need more wine\u2026 "
  - 'Is that really how it works? Huh, that makes a lot more sense actually. '
  - 'Wow, school actually taught you something! '
  - "Huh, did you read that somewhere? Interesting\u2026 "
  - "Why can\u2019t you be like the other kids and play some sports? "
  - "Yeah right, what\u2019s next? Doesn\u2019t cold weather give you a cold anymore? "
  replyBark_KL:
  - 'Stop telling me things I already know! '
  - 'How much do you want to shut up? $1000? $5000? '
  - 'The internet is full of fake news, you know that right? '
  - 'Have you been reading my magazines?! Get your own copies, okay? '
  - "Seems like you\u2019re finally beginning to understand everything I do for you. "
  replyBark_RP:
  - 'What did I do to deserve such foul treatment? '
  - "You\u2019re lucky your grandma wasn\u2019t here to hear that. "
  - "You\u2019re going to become an awesome parent someday\u2026 but still no. "
  - "Don\u2019t try using my own techniques against me, only works for moms! "
  - Hmm? Sorry, I was just checking my Instamam.
  replyBark_KP:
  - 'Language! '
  - 'Oh stop yelling, I have a terrible headache. '
  - 'You take that back right now or you can kiss your allowance goodbye! '
  - 'Oh no, not in my house! '
  - "I can tell you\u2019re lying to me. "
  - "That\u2019s it! No phone, no TV, no wi-fi! "
  - 'You are an ungrateful child! '
  - 'Urgh, you sound just like your dad... '
  - 'You used to be such a sweet child, what went wrong? '
  playBark_RL:
  - 'Games aren''t good for your health you know, everyone knows that! '
  - "When you\u2019re old enough you\u2019ll understand what it means to be an adult.
    \   "
  playBark_KL:
  - "Video games will totally make you a street punk who can\u2019t get a job you
    know..."
  - "Your eyes will turn into squares if you don\u2019t stop playing video games!
    \   "
  - "You\u2019re gonna end up with nothing if you just keep playing video games!    "
  - 'I read this in Healthy Magazine so it must be true. '
  - 'My house, my rules! '
  - 'You know, I saw this on TV once.    '
  - 'Did you know eating carrots will give you night vision? '
  - "Santa\u2019s always watching you! Actually, that\u2019s a bit creepy\u2026    "
  - "If you make that face for too long it\u2019ll get stuck like that forever! "
  - 'We have to get rid of our microwave, they make you sick! '
  - 'Apparently the Illullunati are trying to conquer the world! Scary! '
  playBark_RP:
  - "I\u2019ve taken care of you, raised you and THIS is how you repay me?! "
  - "Oh honey, you know I only want what\u2019s best for you! "
  - 'What would grandma think about this? '
  - "Think about my heart, it\u2019s weak! "
  - "Your dad\u2019s off to a \u201Cbusiness trip\u201D again. "
  - "Listen to me, child! I\u2019m your mother and I know what\u2019s best for you. "
  - "Susanne the neighbour said I\u2019m a bad mother! Can you believe it? "
  - 'Sit up straight and look me in the eyes when I talk to you! '
  playBark_KP:
  - "I\u2019ve done everything for you, how can you talk to me like this?! "
  - "You shouldn\u2019t have been born..."
  timeWaitPerCharacterInString: 0.02
  timeWaitAfterAllWriteded: 2.5
  speachBubble: {fileID: 0}
--- !u!114 &114715863789432702
MonoBehaviour:
  m_ObjectHideFlags: 1
  m_PrefabParentObject: {fileID: 0}
  m_PrefabInternal: {fileID: 100100000}
  m_GameObject: {fileID: 1085656084342098}
  m_Enabled: 1
  m_EditorHideFlags: 0
  m_Script: {fileID: 11500000, guid: 73eeb62b44ce6324494aaf5ddf2d823c, type: 3}
  m_Name: 
  m_EditorClassIdentifier: 
--- !u!212 &212448451830533038
SpriteRenderer:
  m_ObjectHideFlags: 1
  m_PrefabParentObject: {fileID: 0}
  m_PrefabInternal: {fileID: 100100000}
  m_GameObject: {fileID: 1085656084342098}
  m_Enabled: 1
  m_CastShadows: 0
  m_ReceiveShadows: 0
  m_DynamicOccludee: 1
  m_MotionVectors: 1
  m_LightProbeUsage: 1
  m_ReflectionProbeUsage: 1
  m_Materials:
  - {fileID: 10754, guid: 0000000000000000f000000000000000, type: 0}
  m_StaticBatchInfo:
    firstSubMesh: 0
    subMeshCount: 0
  m_StaticBatchRoot: {fileID: 0}
  m_ProbeAnchor: {fileID: 0}
  m_LightProbeVolumeOverride: {fileID: 0}
  m_ScaleInLightmap: 1
  m_PreserveUVs: 0
  m_IgnoreNormalsForChartDetection: 0
  m_ImportantGI: 0
  m_StitchLightmapSeams: 0
  m_SelectedEditorRenderState: 0
  m_MinimumChartSize: 4
  m_AutoUVMaxDistance: 0.5
  m_AutoUVMaxAngle: 89
  m_LightmapParameters: {fileID: 0}
  m_SortingLayerID: 0
  m_SortingLayer: 0
  m_SortingOrder: 1
  m_Sprite: {fileID: 21300000, guid: bf0889f57d9d7244cb5927bebd3bfc60, type: 3}
  m_Color: {r: 1, g: 1, b: 1, a: 1}
  m_FlipX: 0
  m_FlipY: 0
  m_DrawMode: 0
  m_Size: {x: 5, y: 9}
  m_AdaptiveModeThreshold: 0.5
  m_SpriteTileMode: 0
  m_WasSpriteAssigned: 1
  m_MaskInteraction: 0
